@manual{Silq1,
 author = {Felipe Nedel M. de Aguiar and Maria Eloísa Costa},
 title = {SILQ - Sistema de Integração Lattes Qualis},
 year = {2015},
 address = {Florianópolis: Universidade Federal de Santa Catarina, Biblioteca Universitária}
}

@electronic{CNPQ-Sobre,
  site = {Plataforma Lattes},
  author = {CNPQ},
  title = {Sobre a Plataforma Lattes},
  url = {http://www.cnpq.br/web/portal-lattes/sobre-a-plataforma},
  urlaccessdate = {17/11/2015},
  year = {2015}
}

@electronic{CNPQ-Historico,
  site = {Plataforma Lattes},
  author = {CNPQ},
  title = {Histórico},
  subtitle = {História do surgimento da plataforma Lattes},
  url = {http://memoria.cnpq.br/web/portal-lattes/historico},
  urlaccessdate = {31/05/2016},
  year = {2016}
}

@electronic{CNPQ-Ajuda,
  site = {Wiki CNPq ajuda},
  author = {CNPQ},
  title = {Módulo Produção Bibliográfica},
  url = {http://ajuda.cnpq.br/index.php/Módulo\_Produção\_Bibliográfica},
  urlaccessdate = {17/11/2015},
  year = {2015}
}

@electronic{CAPES-Classificacao,
  site = {Fundação Capes},
  author = {CAPES},
  title = {Classificação da produção intelectual},
  url = {http://www.capes.gov.br/avaliacao/instrumentos-de-apoio/classificacao-da-producao-intelectual},
  urlaccessdate = {17/11/2015},
  year = {2015}
}

@electronic{CAPES-Institucional,
  site = {Fundação Capes},
  author = {CAPES},
  title = {História e missão},
  url = {http://www.capes.gov.br/historia-e-missao},
  urlaccessdate = {22/05/2016},
  year = {2015}
}

% http://ucbconocimiento.ucbcba.edu.bo/index.php/jsaas/article/download/820/1102
@article{Crispim,
  journal={Journal of the Selva Andina Animal Science},
  volume = {1},
	number = {1},
  title = {{(Editorial) A importância da publicação de artigos científicos}},
  subtitle = {Uma abordagem para área de Ciência Animal},
  author = {Bruno do Amaral Crispim},
  year = {2014}
}

@Article{Survey-data-matching,
  author="Dorneles, Carina Friedrich
  and Gon{\c{c}}alves, Rodrigo
  and dos Santos Mello, Ronaldo",
  title="Approximate data instance matching: a survey",
  journal="Knowledge and Information Systems",
  year="2011",
  volume="27",
  number="1",
  issn="0219-3116",
  doi="10.1007/s10115-010-0285-0",
  url="http://dx.doi.org/10.1007/s10115-010-0285-0"
}

@electronic{MCTI-Institucional,
  site = {Ministério da Ciência, Tecnologia e Inovação},
  author = {MCTI},
  title = {Ministério da Ciência, Tecnologia e Inovação},
  subtitle = {Institucional},
  url = {http://www.mcti.gov.br/institucional},
  urlaccessdate = {22/06/2016},
  year = {2016?}
}

@electronic{CNPq-Institucional,
  site = {Ministério da Ciência, Tecnologia e Inovação},
  author = {CNPq},
  title = {Conselho Nacional de Desenvolvimento Científico e Tecnológico},
  subtitle = {Institucional},
  url = {http://cnpq.br/apresentacao\_institucional/},
  urlaccessdate = {22/05/2016},
  year = {2016}
}

@electronic{W3C-Web-Services,
  author      = "David Booth
  and Hugo Haas
  and Francis McCabe
  and Eric Newcomer
  and Michael Champion
  and Chris Ferris
  and David Orchard",
  title       = "Web Services Architecture",
  month       = feb,
  url         = "https://www.w3.org/TR/2004/NOTE-ws-arch-20040211",
  year        = "2004",
  type        = "{W3C} Working Group Note",
  institution = "W3C",
}

@article{Fielding02,
    author = {Roy T. Fielding and Richard N. Taylor},
    title = {Principled Design of the Modern Web Architecture},
    journal = {ACM Transactions on Internet Technology},
    year = {2002},
    volume = {2},
    pages = {115--150}
}

@Book{richardson2013restful,
   author = {Richardson, Leonard},
   title = {RESTful Web APIs},
   publisher = {O'Reilly},
   year = {2013},
   address = {Sebastopol, Calif},
   isbn = {9781449358068}
 }

@electronic{Fowler-microservices,
   author = {Martin Fowler
   and James Lewis},
   title       = "Microservices",
   url         = "http://martinfowler.com/articles/microservices.html",
   urlaccessdate = {07/06/2016},
   year          = {2014}
 }

@book{SWEBOK2014,
  address = {Los Alamitos, CA},
  edition = {Version 3.0},
  editor = {Bourque, Pierre and Fairley, Richard E.},
  file = {IEEE Digital Library:2014/SWEBOK2014.pdf:PDF},
  groups = {public},
  isbn = {978-0-7695-5166-1},
  publisher = {IEEE Computer Society},
  timestamp = {2016-05-17T20:01:16.000+0200},
  title = {{SWEBOK}: Guide to the Software Engineering Body of Knowledge},
  url = {http://www.swebok.org/},
  year = 2014
}

@book{Jia2005,
	author = {Weijia Jia
  and Wanlei Zhou},
	title = {Distributed Network Systems},
	subtitle = {From Concepts to Implementations},
	publisher = {Springer Science and Business Media Inc},
	year = {2005},
  address = {Boston}
}

@article{Barbosa2000,
    author = {Ellen Francine Barbosa
    and José Carlos Maldonado
    and Auri Marcelo Rizzo Vincenzi},
    title = {Introdução ao Teste de Software},
    journal = {XIV Simpósio Brasileiro de Engenharia de Software},
    year = {2000}
}

@BOOK{Boehm1981,
  title = {Software Engineering Economics},
  publisher = {Prentice Hall},
  year = {1981},
  author = {Barry W. Boehm},
  address = {Englewood Cliffs, NJ}
}

@book{Pressman2001,
  author = {Pressman, Roger S.},
  edition = {5th},
  isbn = {0-07-365578-3},
  publisher = {McGraw Hill},
  title = {Software Engineering: A Practicioner's Approach},
  year = 2001
}
